<collection xmlns="http://www.loc.gov/MARC21/slim">
<record>
  <leader>03366nam0a2200457 i 450 </leader>
  <controlfield tag="001">IT\ICCU\CNCE\027168</controlfield>
  <controlfield tag="005">20121116000000.0</controlfield>
  <datafield tag="012" ind1=" " ind2=" ">
    <subfield code="a">elci 11ri o)er ILvt (3) 1567 (A)</subfield>
    <subfield code="2">fei</subfield>
    <subfield code="9">1</subfield>
  </datafield>
  <datafield tag="012" ind1=" " ind2=" ">
    <subfield code="a">ini- lea- o,to cace (3) 1569 (A)</subfield>
    <subfield code="2">fei</subfield>
    <subfield code="9">2</subfield>
  </datafield>
  <datafield tag="100" ind1=" " ind2=" ">
    <subfield code="a">19971024g15671569    0itac0103    ba</subfield>
  </datafield>
  <datafield tag="101" ind1=" " ind2=" ">
    <subfield code="a">ITA</subfield>
  </datafield>
  <datafield tag="102" ind1=" " ind2=" ">
    <subfield code="a">IT</subfield>
  </datafield>
  <datafield tag="200" ind1="1" ind2=" ">
    <subfield code="a">Memoriale della vita christiana, nel quale si tratta tutto quello che deue fare vn christiano dal principio della conuersione, fin&apos;alla perfettione, et particolarmente si tratta della confessione, et comunione. Composto dal r.p. fra Luigi di Granata nouamente tradotto di spagnolo in italiano. Al quale, abbiamo aggiunte le autorit,̉ et luoghi della sacra scrittura</subfield>
  </datafield>
  <datafield tag="210" ind1=" " ind2=" ">
    <subfield code="a">In Napoli</subfield>
    <subfield code="c">per Giouanni du Boy</subfield>
    <subfield code="c">ad instantia di m. Horatio Saluiani. Si vendano  ̉Nido l̉l&apos;insegna del Pelegrino</subfield>
    <subfield code="d">1567</subfield>
    <subfield code="e">\Napoli</subfield>
    <subfield code="g">Orazio Salviani!</subfield>
  </datafield>
  <datafield tag="215" ind1=" " ind2=" ">
    <subfield code="a">2 pt.</subfield>
    <subfield code="d">12ʻ</subfield>
  </datafield>
  <datafield tag="300" ind1=" " ind2=" ">
    <subfield code="a">2: Seconda parte del Memoriale della vita christiana ... In Napoli, appresso Gio. de Boi : ad instantia di Horatio Saluiani, 1569. - A c. 2H7 altro front.: Trattato settimo del memoriale della vita christiana ...</subfield>
  </datafield>
  <datafield tag="620" ind1=" " ind2=" ">
    <subfield code="a">IT</subfield>
    <subfield code="d">Napoli</subfield>
  </datafield>
  <datafield tag="700" ind1=" " ind2="0">
    <subfield code="a">Luis</subfield>
    <subfield code="c"> : de#Granada</subfield>
    <subfield code="3">IT\ICCU\CNCA\006726</subfield>
  </datafield>
  <datafield tag="712" ind1="0" ind2="0">
    <subfield code="a">De_Boy, Giovanni</subfield>
    <subfield code="3">IT\ICCU\CNCT\000638</subfield>
    <subfield code="4">650</subfield>
  </datafield>
  <datafield tag="712" ind1="0" ind2="0">
    <subfield code="a">Salviani, Orazio</subfield>
    <subfield code="3">IT\ICCU\CNCT\000065</subfield>
    <subfield code="4">650</subfield>
  </datafield>
  <datafield tag="790" ind1=" " ind2="1">
    <subfield code="a">Granada,</subfield>
    <subfield code="b">Luis de</subfield>
    <subfield code="3">IT\ICCU\CNCA\014258</subfield>
    <subfield code="z">Luis : de#Granada</subfield>
  </datafield>
  <datafield tag="790" ind1=" " ind2="0">
    <subfield code="a">Ludovicus</subfield>
    <subfield code="c"> : Granatensis</subfield>
    <subfield code="3">IT\ICCU\CNCA\021326</subfield>
    <subfield code="z">Luis : de#Granada</subfield>
  </datafield>
  <datafield tag="791" ind1="0" ind2="0">
    <subfield code="a">Boy, Giovanni de</subfield>
    <subfield code="3">IT\ICCU\CNCT\003153</subfield>
    <subfield code="z">De_Boy, Giovanni</subfield>
  </datafield>
  <datafield tag="791" ind1="0" ind2="0">
    <subfield code="a">Du_Boy, Giovanni</subfield>
    <subfield code="3">IT\ICCU\CNCT\003158</subfield>
    <subfield code="z">De_Boy, Giovanni</subfield>
  </datafield>
  <datafield tag="791" ind1="0" ind2="0">
    <subfield code="a">Boyus, Ioannes</subfield>
    <subfield code="3">IT\ICCU\CNCT\004524</subfield>
    <subfield code="z">De_Boy, Giovanni</subfield>
  </datafield>
  <datafield tag="791" ind1="0" ind2="0">
    <subfield code="a">Boy, Ioannes</subfield>
    <subfield code="3">IT\ICCU\CNCT\004525</subfield>
    <subfield code="z">De_Boy, Giovanni</subfield>
  </datafield>
  <datafield tag="791" ind1="0" ind2="0">
    <subfield code="a">Della_Selva, Giovanni</subfield>
    <subfield code="3">IT\ICCU\CNCT\004526</subfield>
    <subfield code="z">De_Boy, Giovanni</subfield>
  </datafield>
  <datafield tag="791" ind1="0" ind2="2">
    <subfield code="a">Officina Salviana</subfield>
    <subfield code="c"> &lt;Napoli&gt;</subfield>
    <subfield code="3">IT\ICCU\CNCT\003024</subfield>
    <subfield code="z">Salviani, Orazio</subfield>
  </datafield>
  <datafield tag="791" ind1="0" ind2="0">
    <subfield code="a">Salvianus, Horatius</subfield>
    <subfield code="3">IT\ICCU\CNCT\005547</subfield>
    <subfield code="z">Salviani, Orazio</subfield>
  </datafield>
  <datafield tag="801" ind1=" " ind2="3">
    <subfield code="a">IT</subfield>
    <subfield code="b">ICCU</subfield>
    <subfield code="c">20201114</subfield>
  </datafield>
  <datafield tag="899" ind1=" " ind2=" ">
    <subfield code="a">Biblioteca comunale Tommaso Fazello. Sciacca</subfield>
    <subfield code="1">AG0042</subfield>
    <subfield code="2">AGR 23</subfield>
  </datafield>
  <datafield tag="899" ind1=" " ind2=" ">
    <subfield code="a">Biblioteca nazionale Vittorio Emanuele III. Napoli</subfield>
    <subfield code="1">NA0079</subfield>
    <subfield code="2">NAP BN</subfield>
  </datafield>
  <datafield tag="899" ind1=" " ind2=" ">
    <subfield code="a">Biblioteca della Pontificia Facolt ̉teologica dell&apos;Italia meridionale. Sezione S. Luigi. Napoli</subfield>
    <subfield code="z">MUTILO</subfield>
    <subfield code="1">NA0261</subfield>
    <subfield code="2">NAP FT</subfield>
  </datafield>
  <datafield tag="899" ind1=" " ind2=" ">
    <subfield code="a">Biblioteca Nicola Romeo. Sant&apos;Antimo</subfield>
    <subfield code="z">MUTILO</subfield>
    <subfield code="1">NA0605</subfield>
    <subfield code="2">CAM NR</subfield>
  </datafield>
  <datafield tag="899" ind1=" " ind2=" ">
    <subfield code="a">Biblioteca provinciale dei cappuccini. Palermo</subfield>
    <subfield code="z">MUTILO</subfield>
    <subfield code="1">PA0092</subfield>
    <subfield code="2">PAL 66</subfield>
  </datafield>
  <datafield tag="911" ind1=" " ind2=" ">
    <subfield code="a">Sul front. a c. 2H7 della pt. 2</subfield>
    <subfield code="9">IT\ICCU\CNCM\000334</subfield>
  </datafield>
  <datafield tag="911" ind1=" " ind2=" ">
    <subfield code="a">Alla fine della pt. 1</subfield>
    <subfield code="9">IT\ICCU\CNCM\000236</subfield>
  </datafield>
  <datafield tag="911" ind1=" " ind2=" ">
    <subfield code="a">Sul front. della pt. 2</subfield>
    <subfield code="9">IT\ICCU\CNCM\001345</subfield>
  </datafield>
  <datafield tag="921" ind1=" " ind2=" ">
    <subfield code="a">IT\ICCU\CNCM\000334</subfield>
    <subfield code="b">Due mani che si stringono entro un ovale formato da un ramo di palma e uno di olivo.</subfield>
    <subfield code="e">Sine fraude bona fide</subfield>
    <subfield code="c">V128</subfield>
    <subfield code="c">Z524</subfield>
    <subfield code="f">MANI</subfield>
    <subfield code="f">OLIVO</subfield>
    <subfield code="f">PALMA</subfield>
    <subfield code="f">SINEFRAUDE</subfield>
    <subfield code="g">1567-1595</subfield>
  </datafield>
  <datafield tag="921" ind1=" " ind2=" ">
    <subfield code="a">IT\ICCU\CNCM\000236</subfield>
    <subfield code="b">Pellegrino in cammino con il bordone in spalla. Sullo sfondo paesaggio con una costellazione di nove stelle. In cornice.</subfield>
    <subfield code="e">Peregrinus sum a iuventute mea</subfield>
    <subfield code="c">V35</subfield>
    <subfield code="c">Z949</subfield>
    <subfield code="d">Dimensioni: 5 x 6,5</subfield>
    <subfield code="f">BORDONE</subfield>
    <subfield code="f">PELLEGRINO</subfield>
    <subfield code="f">PEREGRINUS</subfield>
    <subfield code="f">STELLE</subfield>
    <subfield code="g">1567-1580</subfield>
  </datafield>
  <datafield tag="921" ind1=" " ind2=" ">
    <subfield code="a">IT\ICCU\CNCM\001345</subfield>
    <subfield code="b">Pellegrino in cammino con il bordone in spalla. Sullo sfondo paesaggio con una costellazione di nove stelle. In cornice.</subfield>
    <subfield code="e">Peregrinus sum a iuventute mea</subfield>
    <subfield code="c">U302</subfield>
    <subfield code="d">Dimensioni: 3 x 3,5</subfield>
    <subfield code="f">PELLEGRINO</subfield>
    <subfield code="g">1567-1589</subfield>
  </datafield>
</record>
</collection>
